@BOOK{cite1,
	AUTHOR = "",
	TITLE = "Umweltradiaktivit{\"a}t: Versuchsanleitung",
	PUBLISHER = "I. Physikalisches Institut Uni Giessen",
	YEAR = "6. April 2016"
}
@BOOK{cite2,
	AUTHOR = "Particle Data Group",
	TITLE = "{P}article {P}hysics {B}ooklet",
	PUBLISHER = "Lawrence Berkeley National Laboratory",
	YEAR = "July 2016"
}
@BOOK{cite3,
	AUTHOR = "K. Huber",
	TITLE = "Fit und Fehler, Anleitung zur Fehlerrechnung f√ºr das Kernphysikalische Praktikum",
	PUBLISHER = "I. Physikalisches Institut Uni Giessen ",
	YEAR = "18. Sep. 2006"
}
@BOOK{cite4,
	AUTHOR = "Martin Volkmer",
	TITLE = "Radioaktivit{\"a}t und Strahlenschutz",
	PUBLISHER = "Deutsches Atomforum e.V.",
	YEAR = "Dezember 2012"
}
@BOOK{povh,
	AUTHOR = "Bogdan Povh",
	TITLE = "Teilchen und Kerne",
	PUBLISHER = "Springer-Lehrbuch",
	YEAR = "8. Auflage, 2009"
}
@BOOK{vogt-schulz,
	AUTHOR = "Vogt, Schulz",
	TITLE = "Grundz{\"u}ge des praktischen Strahlenschutzes",
	PUBLISHER = "Carl Hanser Verlag",
	YEAR = "4. aktualisierte Auflage, 2007"
}
@BOOK{demtroeder,
	AUTHOR = "Demt{\"o}der, Wolfgang",
	TITLE = "Experimentalphysik 4",
	PUBLISHER = "Springer-Verlag Berlin Heidelberg New York",
	YEAR = "2. Auflage, 2004"
}
@misc{flug1,
	howpublished = "\url{http://www.helmholtz-muenchen.de/epcard-portal/dosisberechnung-auf-einer-reise/index.html}",
	note = "[Online; accessed 27-12-2016]"
}
@misc{flug2,
	howpublished = "\url{https://www.bfs.de/DE/themen/ion/umwelt/luft-boden/flug/flug.html}",
	note = "[Online; accessed 27-12-2016]"
}
@misc{NIST,
	howpublished = "\url{https://www.nist.gov/pml/productsservices/physical-reference-data}",
	note = "[Online; accessed 29-12-2016]"
}
@misc{Kalium,
	howpublished = "\url{https://de.wikipedia.org/wiki/Kalium}",
	note = "[Online; accessed 20-01-2017]"
}
@misc{IAEA,
	howpublished = "\url{https://www-nds.iaea.org/relnsd/vcharthtml/VChartHTML.html}",
	note = "[Online; accessed 27-02-2017]"
}








