@BOOK{HV_board,
	AUTHOR = "Christopher Hahn",
	TITLE = "Measurements on the radiation hardness of the high voltage subdistribution  prototype of the Electromagnetic Calorimeter for the PANDA Experiment",
	PUBLISHER = "JLU",
	YEAR = "Mai 2017"
}